<record><leader>00000cas a22000007a 4500</leader><controlfield tag="001">9710729</controlfield><controlfield tag="008">830718d18uu18uunyuwr ne      0    0eng d</controlfield><datafield ind1=" " ind2=" " tag="010"><subfield code="a">sn 83030917 </subfield></datafield><datafield ind1=" " ind2=" " tag="040"><subfield code="a">NPU</subfield><subfield code="b">eng</subfield><subfield code="c">NPU</subfield><subfield code="d">DLC</subfield><subfield code="d">NYS</subfield><subfield code="d">OCLCQ</subfield></datafield><datafield ind1=" " ind2=" " tag="042"><subfield code="a">msc</subfield></datafield><datafield ind1="0" ind2=" " tag="130"><subfield code="a">Weekly express (Buffalo, N.Y.)</subfield></datafield><datafield ind1="1" ind2="0" tag="245"><subfield code="a">Weekly express.</subfield></datafield><datafield ind1=" " ind2=" " tag="260"><subfield code="a">Buffalo, N.Y. :</subfield><subfield code="b">Express Print. Co.</subfield></datafield><datafield ind1=" " ind2=" " tag="300"><subfield code="a">v. ;</subfield><subfield code="c">67 cm.</subfield></datafield><datafield ind1=" " ind2=" " tag="310"><subfield code="a">Weekly</subfield></datafield><datafield ind1=" " ind2=" " tag="500"><subfield code="a">Published every Thursday.</subfield></datafield><datafield ind1=" " ind2=" " tag="580"><subfield code="a">Also issued in daily edition called: Buffalo express.</subfield></datafield><datafield ind1=" " ind2=" " tag="588"><subfield code="a">Description based on: Vol. 27, no. 4269 (Jan. 9, 1873).</subfield></datafield><datafield ind1=" " ind2=" " tag="752"><subfield code="a">United States</subfield><subfield code="b">New York</subfield><subfield code="c">Erie</subfield><subfield code="d">Buffalo.</subfield></datafield><datafield ind1="1" ind2=" " tag="775"><subfield code="t">Buffalo express</subfield><subfield code="w">(DLC)sn 83030921</subfield></datafield><datafield ind1="0" ind2="0" tag="780"><subfield code="t">Buffalo weekly express (Buffalo, N.Y. : 1846)</subfield><subfield code="w">(DLC)sn 83030918</subfield></datafield><datafield ind1="0" ind2="0" tag="785"><subfield code="t">Buffalo weekly express (Buffalo, N.Y. : 1881)</subfield><subfield code="w">(DLC)sn 85042632</subfield></datafield></record>